@thesis{Opolka,
   author = {Markus Opolka and Stefan Evert},
   title = {A Neural-Network-Based Approach to Token-Level Metaphor Detection},
   year = {2018}
}
@thesis{Sánchez,
   author = {Elisa Sánchez},
   title = {Detection of Everyday Metaphor in Spanish: Annotation and Evaluation},
   year = {2021}
}
@report{Tsvetkov,
   author = {Yulia Tsvetkov and Leonid Boytsov and Anatole Gershman and Eric Nyberg and Chris Dyer},
   pages = {248-258},
   publisher = {Association for Computational Linguistics},
   title = {Metaphor Detection with Cross-Lingual Model Transfer},
   url = {http://www.cs.cmu.edu/},
}

@thesis{Lakoff,
   author = {George Lakoff},
   title = {Master Metaphor List},
   year = {1994},
}

@thesis{LakoffetAl,
   author = {George Lakoff and Mark Johnson},
   title = {Metaphors  We  Live  By},
   year = {2008},
}

@thesis{Fass,
   author = {Dan Fass},
   title = {A Method for Discriminating Metonymy and Metaphor by Computer},
   year = {1991},
}
@thesis{Mikolov,
   author = {Tomas Mikolov and Ilya Sutskever and Kai Chen and Greg S Corrado and Jeff Dean},
   title = {Distributed Representations of Words and Phrases and their Compositionality},
   year = {2013},
}

@thesis{Santiago,
   author = {Fernando Martínez Santiago and Miguel Angel García Cumbreras and Arturo Montejo Ráez and Manuel Carlos Díaz Galiano},
   title = {Etiquetado de metáforas lingüíısticas en un conjunto de documentos en espa˜nol},
   year = {2014},
}
@thesis{Ureña,
   author = {José Manuel Ure˜na and Maribel Tercedor},
   title = {Situated metaphor in scientific discourse: An English-Spanish contrastive study},
   year = {2011},
}
@thesis{Manson,
   author = {Zachary J Mason},
   title = {CorMet: a computational, corpus-based conventional metaphor extraction system},
   year = {2004},
}

@thesis{Miller,
   author = {George A. Miller},
   title = {WordNet: A Lexical Database for English},
   year = {1995},
}

@inproceedings{MikolovetAl,
  title={Advances in Pre-Training Distributed Word Representations},
  author={Mikolov, Tomas and Grave, Edouard and Bojanowski, Piotr and Puhrsch, Christian and Joulin, Armand},
  booktitle={Proceedings of the International Conference on Language Resources and Evaluation (LREC 2018)},
  year={2018}
}

@inproceedings{Sunny,
    title = "A Survey on Computational Metaphor Processing",
    author = "Sunny Rai and Shampa Chakraverty",
    year = "2020",
    publisher = "ACM Comput",
}
@inproceedings{LeongEtAl,
    title = "A Report on the 2018 {VUA} Metaphor Detection Shared Task",
    author = "Leong, Chee Wee (Ben)  and
      Beigman Klebanov, Beata  and
      Shutova, Ekaterina",
    booktitle = "Proceedings of the Workshop on Figurative Language Processing",
    month = jun,
    year = "2018",
    address = "New Orleans, Louisiana",
    publisher = "Association for Computational Linguistics",
    url = "https://aclanthology.org/W18-0907",
    doi = "10.18653/v1/W18-0907",
    pages = "56--66"
}

@misc{Nunberg, 
title={ Poetic and Prosaic Metaphors}, 
volume={3}, 
journal={Theoretical Issues in Natural Language Processing 3},
author={ Nunberg,Geoffrey},
year={1987} 
} 

@misc{Hardie, 
title={CQPweb combining power flexibility and usability in a corpus analysis tool}, 
volume={17}, 
url={http://dx.doi.org/10.1075/ijcl.17.3.04har}, DOI={10.1075/ijcl.17.3.04har}, journal={International Journal of Corpus Linguistics}, publisher={John Benjamins Publishing Company}, author={Hardie, Andrew}, year={2012}, month={dic}, pages={380-409}, language={en} 
}
@misc{tensorflow2015-whitepaper,
title={ {TensorFlow}: Large-Scale Machine Learning on Heterogeneous Systems},
url={https://www.tensorflow.org/},
note={Software available from tensorflow.org},
author={
    Mart\'{i}n~Abadi and
    Ashish~Agarwal and
    Paul~Barham and
    Eugene~Brevdo and
    Zhifeng~Chen and
    Craig~Citro and
    Greg~S.~Corrado and
    Andy~Davis and
    Jeffrey~Dean and
    Matthieu~Devin and
    Sanjay~Ghemawat and
    Ian~Goodfellow and
    Andrew~Harp and
    Geoffrey~Irving and
    Michael~Isard and
    Yangqing Jia and
    Rafal~Jozefowicz and
    Lukasz~Kaiser and
    Manjunath~Kudlur and
    Josh~Levenberg and
    Dandelion~Man\'{e} and
    Rajat~Monga and
    Sherry~Moore and
    Derek~Murray and
    Chris~Olah and
    Mike~Schuster and
    Jonathon~Shlens and
    Benoit~Steiner and
    Ilya~Sutskever and
    Kunal~Talwar and
    Paul~Tucker and
    Vincent~Vanhoucke and
    Vijay~Vasudevan and
    Fernanda~Vi\'{e}gas and
    Oriol~Vinyals and
    Pete~Warden and
    Martin~Wattenberg and
    Martin~Wicke and
    Yuan~Yu and
    Xiaoqiang~Zheng},
  year={2015},
}
@unpublished{spacy2,
    AUTHOR = {Honnibal, Matthew and Montani, Ines},
    TITLE  = {{spaCy 2}: Natural language understanding with {B}loom embeddings, convolutional neural networks and incremental parsing},
    YEAR   = {2017},
    Note   = {To appear}
} 